<?xml version="1.0" encoding="UTF-8"?>
<record xmlns="http://www.loc.gov/MARC21/slim" xmlns:xsi="http://www.w3.org/2001/XMLSchema-instance" xsi:schemaLocation="http://www.loc.gov/MARC21/slim http://www.loc.gov/standards/marcxml/schema/MARC21slim.xsd">
<leader>00000cam a22      a 4500</leader>
<controlfield tag="001">001677807</controlfield>
<controlfield tag="003">NNU</controlfield>
<controlfield tag="005">20150731160716.0</controlfield>
<controlfield tag="008">910611s1954    le a     b    001 0 ara d</controlfield>
<datafield tag="010" ind1=" " ind2=" ">
<subfield code="a">ne 67000859</subfield>
</datafield>
<datafield tag="035" ind1=" " ind2=" ">
<subfield code="a">(OCoLC)62370970</subfield>
<subfield code="z">(OCoLC)30352834</subfield>
</datafield>
<datafield tag="040" ind1=" " ind2=" ">
<subfield code="a">MNU</subfield>
<subfield code="b">eng</subfield>
<subfield code="c">MNU</subfield>
<subfield code="d">CLU</subfield>
<subfield code="d">CUY</subfield>
<subfield code="d">OCLCF</subfield>
<subfield code="d">OCLCQ</subfield>
</datafield>
<datafield tag="041" ind1="1" ind2=" ">
<subfield code="a">ara</subfield>
<subfield code="h">und</subfield>
</datafield>
<datafield tag="043" ind1=" " ind2=" ">
<subfield code="a">aw-----</subfield>
<subfield code="a">ma-----</subfield>
</datafield>
<datafield tag="050" ind1=" " ind2="4">
<subfield code="a">DS36.88</subfield>
<subfield code="b">.H88 1954</subfield>
</datafield>
<datafield tag="100" ind1="1" ind2=" ">
<subfield code="6">880-01</subfield>
<subfield code="a">Ḥusaynī, Isḥāq Mūsá.</subfield>
</datafield>
<datafield tag="245" ind1="1" ind2="0">
<subfield code="6">880-02</subfield>
<subfield code="a">Azmat al-fikr al-ʻArabī /</subfield>
<subfield code="c">taʼlīf Isḥāq Mūsá al-Ḥusaynī.</subfield>
</datafield>
<datafield tag="260" ind1=" " ind2=" ">
<subfield code="6">880-03</subfield>
<subfield code="a">Bayrūt :</subfield>
<subfield code="b">Dār Bayrūt,</subfield>
<subfield code="c">1954.</subfield>
</datafield>
<datafield tag="300" ind1=" " ind2=" ">
<subfield code="a">152 pages :</subfield>
<subfield code="b">illustrations ;</subfield>
<subfield code="c">21 cm</subfield>
</datafield>
<datafield tag="336" ind1=" " ind2=" ">
<subfield code="a">text</subfield>
<subfield code="b">txt</subfield>
<subfield code="2">rdacontent</subfield>
</datafield>
<datafield tag="337" ind1=" " ind2=" ">
<subfield code="a">unmediated</subfield>
<subfield code="b">n</subfield>
<subfield code="2">rdamedia</subfield>
</datafield>
<datafield tag="338" ind1=" " ind2=" ">
<subfield code="a">volume</subfield>
<subfield code="b">nc</subfield>
<subfield code="2">rdacarrier</subfield>
</datafield>
<datafield tag="504" ind1=" " ind2=" ">
<subfield code="a">Includes bibliographical references (pages 141-148) and index.</subfield>
</datafield>
<datafield tag="650" ind1=" " ind2="0">
<subfield code="a">Civilization, Arab</subfield>
<subfield code="y">20th century.</subfield>
</datafield>
<datafield tag="651" ind1=" " ind2="0">
<subfield code="a">Arab countries</subfield>
<subfield code="x">Intellectual life</subfield>
<subfield code="y">20th century.</subfield>
</datafield>
<datafield tag="650" ind1=" " ind2="0">
<subfield code="a">Panarabism.</subfield>
</datafield>
<datafield tag="650" ind1=" " ind2="0">
<subfield code="a">Arabic language.</subfield>
</datafield>
<datafield tag="650" ind1=" " ind2="7">
<subfield code="a">Arabic language.</subfield>
<subfield code="2">fast</subfield>
<subfield code="0">(OCoLC)fst00812287</subfield>
</datafield>
<datafield tag="650" ind1=" " ind2="7">
<subfield code="a">Civilization, Arab.</subfield>
<subfield code="2">fast</subfield>
<subfield code="0">(OCoLC)fst00862967</subfield>
</datafield>
<datafield tag="650" ind1=" " ind2="7">
<subfield code="a">Intellectual life.</subfield>
<subfield code="2">fast</subfield>
<subfield code="0">(OCoLC)fst00975769</subfield>
</datafield>
<datafield tag="650" ind1=" " ind2="7">
<subfield code="a">Panarabism.</subfield>
<subfield code="2">fast</subfield>
<subfield code="0">(OCoLC)fst01051941</subfield>
</datafield>
<datafield tag="651" ind1=" " ind2="7">
<subfield code="a">Arab countries.</subfield>
<subfield code="2">fast</subfield>
<subfield code="0">(OCoLC)fst01240128</subfield>
</datafield>
<datafield tag="648" ind1=" " ind2="7">
<subfield code="a">1900 - 1999.</subfield>
<subfield code="2">fast</subfield>
</datafield>
<datafield tag="776" ind1="0" ind2="8">
<subfield code="i">Online version:</subfield>
<subfield code="a">Ḥusaynī, Isḥāq Mūsá.</subfield>
<subfield code="t">Azmat al-fikr al-ʻArabī.</subfield>
<subfield code="d">Bayrūt : Dār Bayrūt, 1954</subfield>
<subfield code="w">(OCoLC)651960810</subfield>
</datafield>
<datafield tag="880" ind1="1" ind2=" ">
<subfield code="6">100-01/</subfield>
<subfield code="a">حسيني، اسحاق موسى.</subfield>
</datafield>
<datafield tag="880" ind1="1" ind2="0">
<subfield code="6">245-02/</subfield>
<subfield code="a">ازمة الفكر العربي /</subfield>
<subfield code="c">تاليف اسحاق موسى الحسيني.</subfield>
</datafield>
<datafield tag="880" ind1=" " ind2=" ">
<subfield code="6">260-03/</subfield>
<subfield code="a">بيروت :</subfield>
<subfield code="b">دار بيروت,</subfield>
<subfield code="c">1954.</subfield>
</datafield>
<datafield tag="OWN" ind1=" " ind2=" ">
<subfield code="a">GENERAL</subfield>
</datafield>
<datafield tag="AVA" ind1=" " ind2=" ">
<subfield code="a">NYU50</subfield>
<subfield code="b">BOBST</subfield>
<subfield code="c">Main Collection</subfield>
<subfield code="d">DS63 .H88</subfield>
<subfield code="e">unavailable</subfield>
<subfield code="t">Unavailable</subfield>
<subfield code="f">1</subfield>
<subfield code="g">1</subfield>
<subfield code="h">N</subfield>
<subfield code="i">0</subfield>
<subfield code="j">MAIN</subfield>
<subfield code="k">0</subfield>
</datafield>
</record>
